<?xml version="1.0" encoding="UTF-8"?><collection xmlns="http://www.loc.gov/MARC21/slim"><record><leader>00306nam--2200121-i-4500</leader><controlfield tag="001">000036444</controlfield><controlfield tag="002">20161230</controlfield><controlfield tag="005">20161230201040</controlfield><controlfield tag="008">060222s1000------------r-----000-0-eng-d</controlfield><datafield ind1=" " ind2=" " tag="245"><subfield code="a">Powder metallurgy</subfield></datafield><datafield ind1=" " ind2=" " tag="260"><subfield code="a">New York, Interscience Publishers, 1961, Xvi + 847p</subfield></datafield><datafield ind1=" " ind2=" " tag="700"><subfield code="a">Werner Leszynski</subfield></datafield><datafield ind1=" " ind2=" " tag="852"><subfield code="a">16812</subfield></datafield></record></collection>